@incollection{milgram1977,
  title={An experimental study of the small world problem},
  author={Travers, Jeffrey and Milgram, Stanley},
  booktitle={Social Networks},
  pages={179--197},
  year={1977},
  publisher={Elsevier}
}

@article{dodds2003,
  title={An experimental study of search in global social networks},
  author={Dodds, Peter Sheridan and Muhamad, Roby and Watts, Duncan J},
  journal={science},
  volume={301},
  number={5634},
  pages={827--829},
  year={2003},
  publisher={American Association for the Advancement of Science}
}

@article{watts,
  title={Collective dynamics of ‘small-world’networks},
  author={Watts, Duncan J and Strogatz, Steven H},
  journal={nature},
  volume={393},
  number={6684},
  pages={440},
  year={1998},
  publisher={Nature Publishing Group}
}